<?xml version="1.0" encoding="UTF-8"?>
<record>
  <leader>01720njm#a2200469#c#4500</leader>
  <controlfield tag="003">DE-605</controlfield>
  <controlfield tag="005">20250113093422.0</controlfield>
  <controlfield tag="007">co#||a||||||||</controlfield>
  <controlfield tag="007">sd#|||||||||||</controlfield>
  <controlfield tag="008">200421|1987####gw |||##############ger#c</controlfield>
  <controlfield tag="001">990366258430206441</controlfield>
  <datafield tag="015" ind1=" " ind2=" ">
    <subfield code="a">91,T12</subfield>
    <subfield code="2">dnb</subfield>
  </datafield>
  <datafield tag="016" ind1="7" ind2=" ">
    <subfield code="a">410517700</subfield>
    <subfield code="2">DE-101b</subfield>
  </datafield>
  <datafield tag="016" ind1="7" ind2=" ">
    <subfield code="a">352558806</subfield>
    <subfield code="2">DE-101b</subfield>
  </datafield>
  <datafield tag="024" ind1="7" ind2=" ">
    <subfield code="a">urn:nbn:de:101:1-2013061112330</subfield>
    <subfield code="2">urn</subfield>
  </datafield>
  <datafield tag="028" ind1="5" ind2="2">
    <subfield code="a">DENON 38C38-7065</subfield>
  </datafield>
  <datafield tag="035" ind1=" " ind2=" ">
    <subfield code="a">(DE-605)HT020433065</subfield>
  </datafield>
  <datafield tag="040" ind1=" " ind2=" ">
    <subfield code="a">465</subfield>
    <subfield code="b">ger</subfield>
  </datafield>
  <datafield tag="041" ind1=" " ind2=" ">
    <subfield code="a">ger</subfield>
  </datafield>
  <datafield tag="044" ind1=" " ind2=" ">
    <subfield code="c">XA-DE</subfield>
  </datafield>
  <datafield tag="084" ind1=" " ind2=" ">
    <subfield code="a">03a</subfield>
    <subfield code="a">03b</subfield>
    <subfield code="q">DE-101</subfield>
    <subfield code="2">sdnb</subfield>
  </datafield>
  <datafield tag="090" ind1=" " ind2=" ">
    <subfield code="b">a</subfield>
  </datafield>
  <datafield tag="245" ind1="0" ind2="0">
    <subfield code="a">Japanese favourite melodies on baroque</subfield>
  </datafield>
  <datafield tag="264" ind1=" " ind2="1">
    <subfield code="a">Ratingen</subfield>
    <subfield code="b">DENON Electronic</subfield>
    <subfield code="c">[1987]</subfield>
  </datafield>
  <datafield tag="300" ind1=" " ind2=" ">
    <subfield code="a">1 CD</subfield>
    <subfield code="c">12 cm</subfield>
    <subfield code="e">1 Beih. (6 S.)</subfield>
  </datafield>
  <datafield tag="336" ind1=" " ind2=" ">
    <subfield code="b">prm</subfield>
  </datafield>
  <datafield tag="337" ind1=" " ind2=" ">
    <subfield code="b">s</subfield>
  </datafield>
  <datafield tag="338" ind1=" " ind2=" ">
    <subfield code="b">sd</subfield>
  </datafield>
  <datafield tag="344" ind1=" " ind2=" ">
    <subfield code="a">digital</subfield>
    <subfield code="g">Stereo</subfield>
  </datafield>
  <datafield tag="035" ind1=" " ind2=" ">
    <subfield code="a">(DE-599)DNB352558806</subfield>
  </datafield>
  <datafield tag="964" ind1="0" ind2="s">
    <subfield code="F">030</subfield>
    <subfield code="A">a||u|||||||37</subfield>
  </datafield>
  <datafield tag="964" ind1="0" ind2="s">
    <subfield code="F">050</subfield>
    <subfield code="A">|||||aa|||||||</subfield>
  </datafield>
  <datafield tag="964" ind1="0" ind2="s">
    <subfield code="F">051</subfield>
    <subfield code="A">m|||||||</subfield>
  </datafield>
  <datafield tag="856" ind1="4" ind2="0">
    <subfield code="u">https://nbn-resolving.org/urn:nbn:de:101:1-2013061112330</subfield>
    <subfield code="x">Resolving-System</subfield>
  </datafield>
  <datafield tag="700" ind1="1" ind2=" ">
    <subfield code="a">Toyama, Shigeru</subfield>
    <subfield code="0">(DE-588)134725727</subfield>
    <subfield code="4">itr</subfield>
    <subfield code="0">https://d-nb.info/gnd/134725727</subfield>
    <subfield code="0">http://viaf.org/viaf/111880637</subfield>
    <subfield code="B">GND-134725727</subfield>
  </datafield>
  <datafield tag="700" ind1="1" ind2=" ">
    <subfield code="a">Yamahata, Matsue</subfield>
    <subfield code="0">(DE-588)134725751</subfield>
    <subfield code="4">itr</subfield>
    <subfield code="0">https://d-nb.info/gnd/134725751</subfield>
    <subfield code="0">http://viaf.org/viaf/79750070</subfield>
    <subfield code="B">GND-134725751</subfield>
  </datafield>
  <datafield tag="700" ind1="1" ind2=" ">
    <subfield code="a">Hayakawa, Masaaki</subfield>
    <subfield code="d">1934-</subfield>
    <subfield code="0">(DE-588)13440050X</subfield>
    <subfield code="4">cnd</subfield>
    <subfield code="0">https://d-nb.info/gnd/13440050X</subfield>
    <subfield code="0">http://viaf.org/viaf/110753422</subfield>
    <subfield code="B">GND-13440050X</subfield>
  </datafield>
  <datafield tag="710" ind1="2" ind2=" ">
    <subfield code="a">Tōkyō-Bibarudi-Gasshōdan</subfield>
    <subfield code="0">(DE-588)10295379-X</subfield>
    <subfield code="4">prf</subfield>
    <subfield code="0">https://d-nb.info/gnd/320208834</subfield>
    <subfield code="0">http://viaf.org/viaf/144225929</subfield>
    <subfield code="B">GND-320208834</subfield>
  </datafield>
  <datafield tag="655" ind1=" " ind2="7">
    <subfield code="a">CD</subfield>
    <subfield code="0">(DE-588)4522869-3</subfield>
    <subfield code="2">gnd-carrier</subfield>
  </datafield>
  <datafield tag="500" ind1=" " ind2=" ">
    <subfield code="a">Interpreten: Toyama, Shigeru [Vl]. Yamahata, Matsue [Hf]. Tōkyō-Bibarudi-gasshōdan. Hayakawa, Masaaki [Dir]... - Aufn.: 1978. - P 1983. - Verkürzte Titelanzeige.</subfield>
    <subfield code="9">F:501</subfield>
  </datafield>
  <datafield tag="505" ind1="8" ind2=" ">
    <subfield code="a">Enth. Werke von Taki, Okano, Hirota, Inoue, Kainuma, Nakata u. Yamada.</subfield>
  </datafield>
  <datafield tag="583" ind1="1" ind2=" ">
    <subfield code="a">Archivierung/Langzeitarchivierung gewährleistet</subfield>
    <subfield code="5">DE-101</subfield>
    <subfield code="2">pdager</subfield>
  </datafield>
  <datafield tag="MBD" ind1=" " ind2=" ">
    <subfield code="M">49HBZ_NETWORK</subfield>
    <subfield code="i">990366258430206441</subfield>
    <subfield code="n">HBZ Network</subfield>
  </datafield>
  <datafield tag="MBD" ind1=" " ind2=" ">
    <subfield code="M">49HBZ_UDE</subfield>
    <subfield code="i">990201774080206446</subfield>
    <subfield code="n">Universität Duisburg-Essen</subfield>
  </datafield>
  <datafield tag="MNG" ind1=" " ind2=" ">
    <subfield code="c">System</subfield>
    <subfield code="f">ILS</subfield>
    <subfield code="i">marc21</subfield>
    <subfield code="l">73</subfield>
    <subfield code="k">01</subfield>
    <subfield code="e">false</subfield>
    <subfield code="d">2025-01-13 09:34:22 Europe/Berlin</subfield>
    <subfield code="g">036625843-HBZ01</subfield>
    <subfield code="j">60</subfield>
    <subfield code="a">import</subfield>
    <subfield code="b">2021-04-05 17:13:34 Europe/Berlin</subfield>
  </datafield>
  <datafield tag="H52" ind1="8" ind2=" ">
    <subfield code="b">D0001</subfield>
    <subfield code="c">D01</subfield>
    <subfield code="h">KID2530-CD</subfield>
    <subfield code="8">22394390300006446</subfield>
  </datafield>
  <datafield tag="HOL" ind1=" " ind2=" ">
    <subfield code="b">2021-04-15 17:16:55</subfield>
    <subfield code="8">22394390300006446</subfield>
    <subfield code="M">49HBZ_UDE</subfield>
    <subfield code="g">false</subfield>
    <subfield code="a">import</subfield>
  </datafield>
  <datafield tag="ITM" ind1=" " ind2=" ">
    <subfield code="H">22394390300006446</subfield>
    <subfield code="x">D01</subfield>
    <subfield code="f">CD</subfield>
    <subfield code="v">D01</subfield>
    <subfield code="X">System</subfield>
    <subfield code="U">2020-04-21 12:59:00 Europe/Berlin</subfield>
    <subfield code="Y">2025-02-20 14:10:37 Europe/Berlin</subfield>
    <subfield code="h">false</subfield>
    <subfield code="n">KID2530-CD</subfield>
    <subfield code="M">49HBZ_UDE</subfield>
    <subfield code="s">0</subfield>
    <subfield code="d">8</subfield>
    <subfield code="V">import</subfield>
    <subfield code="b">DE00728537</subfield>
    <subfield code="a">23394390290006446</subfield>
    <subfield code="t">8</subfield>
    <subfield code="c">KID2530-CD</subfield>
    <subfield code="r">LOAN</subfield>
    <subfield code="B">NBM87/612</subfield>
    <subfield code="D">20000217</subfield>
    <subfield code="W">2020-04-21 02:00:00 Europe/Berlin</subfield>
    <subfield code="u">D0001</subfield>
    <subfield code="w">D0001</subfield>
  </datafield>
  <datafield tag="GKT" ind1="2" ind2=" ">
    <subfield code="a">Vivaldi-Ensemble</subfield>
    <subfield code="g">Tokio</subfield>
    <subfield code="A">GND</subfield>
    <subfield code="B">GND-320208834</subfield>
    <subfield code="C">410</subfield>
  </datafield>
  <datafield tag="GKT" ind1="2" ind2=" ">
    <subfield code="a">Vivaldi Ensemble</subfield>
    <subfield code="g">Tokio</subfield>
    <subfield code="A">GND</subfield>
    <subfield code="B">GND-320208834</subfield>
    <subfield code="C">410</subfield>
  </datafield>
  <datafield tag="GKT" ind1="2" ind2=" ">
    <subfield code="a">Vivaldi Ensemble</subfield>
    <subfield code="g">Tokyo</subfield>
    <subfield code="A">GND</subfield>
    <subfield code="B">GND-320208834</subfield>
    <subfield code="C">410</subfield>
  </datafield>
  <datafield tag="GKT" ind1="2" ind2=" ">
    <subfield code="a">Tōkyō Bibarudi Gassōdan</subfield>
    <subfield code="A">GND</subfield>
    <subfield code="B">GND-320208834</subfield>
    <subfield code="C">410</subfield>
  </datafield>
  <datafield tag="GSI" ind1="7" ind2=" ">
    <subfield code="a">http://d-nb.info/gnd/10295379-X</subfield>
    <subfield code="2">uri</subfield>
    <subfield code="A">GND</subfield>
    <subfield code="B">GND-320208834</subfield>
    <subfield code="C">024</subfield>
  </datafield>
  <datafield tag="GPN" ind1="1" ind2=" ">
    <subfield code="a">Hayakawa, Masa-Aki</subfield>
    <subfield code="d">1934-</subfield>
    <subfield code="A">GND</subfield>
    <subfield code="B">GND-13440050X</subfield>
    <subfield code="C">400</subfield>
  </datafield>
  <datafield tag="GSI" ind1="7" ind2=" ">
    <subfield code="a">13440050X</subfield>
    <subfield code="0">http://d-nb.info/gnd/13440050X</subfield>
    <subfield code="2">gnd</subfield>
    <subfield code="A">GND</subfield>
    <subfield code="B">GND-13440050X</subfield>
    <subfield code="C">024</subfield>
  </datafield>
  <datafield tag="GSI" ind1="7" ind2=" ">
    <subfield code="a">134725751</subfield>
    <subfield code="0">http://d-nb.info/gnd/134725751</subfield>
    <subfield code="2">gnd</subfield>
    <subfield code="A">GND</subfield>
    <subfield code="B">GND-134725751</subfield>
    <subfield code="C">024</subfield>
  </datafield>
  <datafield tag="GSI" ind1="7" ind2=" ">
    <subfield code="a">134725727</subfield>
    <subfield code="0">http://d-nb.info/gnd/134725727</subfield>
    <subfield code="2">gnd</subfield>
    <subfield code="A">GND</subfield>
    <subfield code="B">GND-134725727</subfield>
    <subfield code="C">024</subfield>
  </datafield>
</record>
